@misc{ros_about,
	title = {About ROS -- ROS.org},
	url = {https://www.ros.org/about-ros/},
	language = {en-US},
	urldate = {2021-05-28},
}

@misc{ros_history,
	title = {History -- ROS.org},
	url = {https://www.ros.org/history/},
	language = {en-US},
	urldate = {2021-05-28},
}

@misc{ros1_docs,
	title = {ROS 1 Documentation -- ROS Wiki},
	url = {https://wiki.ros.org/},
	urldate = {2021-05-28},
}

@misc{ros1_intro,
	title = {ROS Introduction -- ROS Wiki},
	url = {https://wiki.ros.org/ROS/Introduction},
	urldate = {2021-05-28},
}

@misc{ros1_concepts,
	title = {ROS Concepts -- ROS Wiki},
	url = {https://wiki.ros.org/ROS/Concepts},
	urldate = {2021-05-28},
}

@misc{ros1_client_libs,
	title = {ROS Client Libraries -- ROS Wiki},
	url = {https://wiki.ros.org/Client Libraries},
	urldate = {2021-05-28},
}

@misc{ros1_cli,
	title = {ROS Command-line tools -- ROS Wiki},
	url = {https://wiki.ros.org/ROS/CommandLineTools},
	urldate = {2021-05-28},
}

@misc{ros1_launch,
	title = {roslaunch -- ROS Wiki},
	url = {https://wiki.ros.org/roslaunch},
	urldate = {2021-05-28},
}

@misc{ros2_docs,
	title = {ROS 2 Documentation -- ROS 2 Documentation: Rolling documentation},
	url = {https://docs.ros.org/en/rolling/},
	urldate = {2021-05-28},
}

@misc{ros2_foxy_root,
	title = {ROS 2 Documentation -- ROS 2 Documentation: Foxy documentation},
	url = {https://docs.ros.org/en/foxy/index.html},
	urldate = {2021-05-28},
}

@misc{ros2_foxy_launch,
	title = {Launching/monitoring multiple nodes with Launch -- ROS 2 Documentation: Foxy documentation},
	url = {https://docs.ros.org/en/foxy/Tutorials/Launch-system.html},
	urldate = {2021-05-28},
}

@misc{ros2_foxy_dds,
	title = {About different ROS 2 DDS/RTPS vendors -- ROS 2 Documentation: Foxy documentation},
	url = {https://docs.ros.org/en/foxy/Concepts/About-Different-Middleware-Vendors.html},
	urldate = {2021-05-28},
}

@misc{ros2_foxy_internal,
	title = {About internal ROS 2 interfaces -- ROS 2 Documentation: Foxy documentation},
	url = {https://docs.ros.org/en/foxy/Concepts/About-Internal-Interfaces.html},
	urldate = {2021-05-28},
}

@misc{ros2_design_why,
	title = {Why ROS 2?},
	url = {https://design.ros2.org/articles/why_ros2.html},
	abstract = {Distilled design documents related to the ROS 2 effort},
	urldate = {2021-05-28},
}

@misc{ros2_design_launch,
	title = {ROS 2 Launch System},
	url = {https://design.ros2.org/articles/roslaunch.html},
	abstract = {Distilled design documents related to the ROS 2 effort},
	urldate = {2021-05-28},
}

@misc{ros2_design_changes,
	title = {Changes between ROS 1 and ROS 2},
	url = {https://design.ros2.org/articles/changes.html},
	abstract = {Distilled design documents related to the ROS 2 effort},
	urldate = {2021-05-28},
}

@misc{ros1_distros,
	title = {Distributions -- ROS Wiki},
	url = {https://wiki.ros.org/Distributions},
	urldate = {2021-05-28},
}

@misc{ros2_distros,
	title = {Distributions — ROS 2 Documentation: {Rolling} documentation},
	url = {https://docs.ros.org/en/rolling/Releases.html},
	urldate = {2021-05-28},
}

@misc{ros_metrics,
	title = {Users -- ROS Metrics},
	url = {https://metrics.ros.org/},
	urldate = {2021-05-28},
}

@misc{rep,
	title = {REP REP 0 -- Index of ROS Enhancement Proposals (ROS.org)},
	url = {https://ros.org/reps/rep-0000.html},
	urldate = {2021-05-28},
}

@misc{rep_127,
	title = {REP 127 -- Specification of package manifest format (ROS.org)},
	url = {https://ros.org/reps/rep-0127.html},
	urldate = {2021-05-28},
}

@misc{rep_140,
	title = {REP 140 -- Package Manifest Format Two Specification (ROS.org)},
	url = {https://ros.org/reps/rep-0140.html},
	urldate = {2021-05-28},
}

@misc{rep_149,
	title = {REP 149 -- Package Manifest Format Three Specification (ROS.org)},
	url = {https://ros.org/reps/rep-0149.html},
	urldate = {2021-05-28},
}

@misc{omg_what_is_dds,
	title = {What is DDS?},
	url = {https://www.dds-foundation.org/what-is-dds-3/},
	urldate = {2021-05-28},
}

% TODO: better theses references

@article{mt_vajnar,
	title = {Model car for the F1/10 autonomous car racing competition},
	url = {https://dspace.cvut.cz/handle/10467/68472},
	language = {en},
	urldate = {2021-05-28},
	author = {Martin Vajnar},
	year = {2017},
}

@article{dusil_detekce_2019,
	title = {Slip detection for F1/10 model car},
	url = {https://dspace.cvut.cz/handle/10467/82910},
	language = {en},
	urldate = {2021-05-28},
	author = {Jan Dusis},
	year = {2019},
}

@article{klapalek_vyhybani_2019,
	title = {Dynamic obstacle avoidance for autonomous F1/10 car},
	url = {https://dspace.cvut.cz/handle/10467/83424},
	language = {en},
	urldate = {2021-05-28},
	author = {Jaroslav Klapálek},
	year = {2019},
}
